@misc{Luger2021,
  author       = {{Luger}, Rodrigo},
  title        = {showyourwork},
  year         = {2021},
  publisher    = {GitHub},
  journal      = {GitHub repository},
  howpublished = {\url{https://github.com/rodluger/showyourwork}},
  commit       = {main}
}

@ARTICLE{Callister2021,
       author = {{Callister}, Thomas A. and {Haster}, Carl-Johan and {Ng}, Ken K.~Y. and {Vitale}, Salvatore and {Farr}, Will M.},
        title = "{Who Ordered That? Unequal-mass Binary Black Hole Mergers Have Larger Effective Spins}",
      journal = {\apjl},
     keywords = {Compact binary stars, Astrostatistics, Gravitational wave astronomy, Astrophysical black holes, Stellar mass black holes, LIGO, 283, 1882, 675, 98, 1611, 920, Astrophysics - High Energy Astrophysical Phenomena, General Relativity and Quantum Cosmology},
         year = 2021,
        month = nov,
       volume = {922},
       number = {1},
          eid = {L5},
        pages = {L5},
          doi = {10.3847/2041-8213/ac2ccc},
archivePrefix = {arXiv},
       eprint = {2106.00521},
 primaryClass = {astro-ph.HE},
       adsurl = {https://ui.adsabs.harvard.edu/abs/2021ApJ...922L...5C},
      adsnote = {Provided by the SAO/NASA Astrophysics Data System}
}

@ARTICLE{Abbott2021GWTC-2,
       author = {{Abbott}, R. and {Abbott}, T.~D. and {Abraham}, S. and {Acernese}, F. and {Ackley}, K. and {Adams}, A. and {Adams}, C. and {Adhikari}, R.~X. and {Adya}, V.~B. and {Affeldt}, C. and et al.},
        title = "{GWTC-2: Compact Binary Coalescences Observed by LIGO and Virgo during the First Half of the Third Observing Run}",
      journal = {Physical Review X},
     keywords = {General Relativity and Quantum Cosmology, Astrophysics - High Energy Astrophysical Phenomena},
         year = 2021,
        month = apr,
       volume = {11},
       number = {2},
          eid = {021053},
        pages = {021053},
          doi = {10.1103/PhysRevX.11.021053},
archivePrefix = {arXiv},
       eprint = {2010.14527},
 primaryClass = {gr-qc},
       adsurl = {https://ui.adsabs.harvard.edu/abs/2021PhRvX..11b1053A},
      adsnote = {Provided by the SAO/NASA Astrophysics Data System}
}

@ARTICLE{Abbott2021GWTC-3,
       author = {{The LIGO Scientific Collaboration} and {the Virgo Collaboration} and {the KAGRA Collaboration} and {Abbott}, R. and {Abbott}, T.~D. and {Acernese}, F. and {Ackley}, K. and {Adams}, C. and {Adhikari}, N. and {Adhikari}, R.~X. and et al.},
        title = "{The population of merging compact binaries inferred using gravitational waves through GWTC-3}",
      journal = {arXiv e-prints},
     keywords = {Astrophysics - High Energy Astrophysical Phenomena, General Relativity and Quantum Cosmology},
         year = 2021,
        month = nov,
          eid = {arXiv:2111.03634},
        pages = {arXiv:2111.03634},
archivePrefix = {arXiv},
       eprint = {2111.03634},
 primaryClass = {astro-ph.HE},
       adsurl = {https://ui.adsabs.harvard.edu/abs/2021arXiv211103634T},
      adsnote = {Provided by the SAO/NASA Astrophysics Data System}
}


